@article{example1,
  author  = {JONES K S, PRUSSIN S, WEBER E R},
  title   = {A systematic analysis of defects in ion-implanted silicon},
  mark    = {J},
  journal = {Applied Physics A},
  year    = {1988},
  volume  = {45},
  number  = {1},
  pages   = {342–347}
}

@book{example2,
  author    = {白居宪},
  title     = {低噪声频率合成},
  mark      = {M},
  address   = {陕西},
  publisher = {西安交通大学出版社},
  year      = {1995},
  pages     = {50–70}
}

@inproceedings{example3,
  author    = {WEN Z M, CHOO K F},
  title     = {The optimum thermal of microchannel heat sinks},
  mark      = {C},
  booktitle = {Proceedings of IEEE CPMT Electronic Packaging Technology Conf},
  address   = {New York，USA},
  year      = {1997},
  pagess    = {123–129}
}

@online{example4,
  author  = {王明},
  title   = {关于中国半导体技术的发展},
  mark    = {EB},
  date    = {1998-08-16},
  urldate = {1998-10-04},
  url     = {http://www.eetchina.com/art.htm}
}

@patent{example5,
  author = {姜锡洲},
  title  = {一种温热外敷药制备方案},
  mark   = {P},
  number = {中国专利,881056073},
  date   = {1989-07-26}
}

@manual{example6,
  title     = {低噪声频率合成手册},
  author    = {中芯国际},
  mark      = {K},
  address   = {上海},
  publisher = {中芯国际（上海）公司},
  year      = {2005},
  pages     = {50–70}
}

@standard{example7,
  title     = {GB3100～3102－1993量和单位},
  author    = {全国量和单位标准化技术委员会},
  mark      = {S},
  address   = {北京},
  publisher = {中国标准出版社},
  year      = {1994},
  pages     = {40-42}
}
